<record><leader>00000cas a2200000 i 4500</leader><controlfield tag="001">915578638</controlfield><controlfield tag="007">hd af||||||||</controlfield><controlfield tag="008">150804c19919999gs ir n       0    0ruso </controlfield><datafield ind1=" " ind2=" " tag="010"><subfield code="a">  2015212321</subfield></datafield><datafield ind1=" " ind2=" " tag="040"><subfield code="a">DLC</subfield><subfield code="b">eng</subfield><subfield code="c">DLC</subfield><subfield code="e">rda</subfield><subfield code="d">DLC</subfield><subfield code="d">OCLCO</subfield><subfield code="d">OCLCF</subfield><subfield code="d">OCLCA</subfield></datafield><datafield ind1=" " ind2=" " tag="042"><subfield code="a">pcc</subfield></datafield><datafield ind1=" " ind2=" " tag="043"><subfield code="a">a-gs---</subfield></datafield><datafield ind1="0" ind2="0" tag="050"><subfield code="a">Newspaper</subfield></datafield><datafield ind1="0" ind2="0" tag="245"><subfield code="a">Respublika Abkhazii&#65056;a&#65057;.</subfield></datafield><datafield ind1=" " ind2="1" tag="264"><subfield code="a">Minneapolis, MN :</subfield><subfield code="b">East View Information Services</subfield></datafield><datafield ind1=" " ind2=" " tag="300"><subfield code="a">microfilm reels ;</subfield><subfield code="c">35 mm</subfield></datafield><datafield ind1=" " ind2=" " tag="310"><subfield code="a">Three times a week</subfield></datafield><datafield ind1=" " ind2=" " tag="336"><subfield code="a">text</subfield><subfield code="2">rdacontent</subfield></datafield><datafield ind1=" " ind2=" " tag="337"><subfield code="a">microform</subfield><subfield code="2">rdamedia</subfield></datafield><datafield ind1=" " ind2=" " tag="338"><subfield code="a">microfilm reel</subfield><subfield code="2">rdacarrier</subfield></datafield><datafield ind1="1" ind2=" " tag="362"><subfield code="a">Began in 1991.</subfield></datafield><datafield ind1=" " ind2=" " tag="533"><subfield code="a">Microfilm.</subfield><subfield code="b">Minneapolis, Minn. :</subfield><subfield code="c">East View Pubs.</subfield><subfield code="e">microfilm reels ; 35 mm.</subfield></datafield><datafield ind1=" " ind2=" " tag="588"><subfield code="a">Description based on: 1993, no. 140 (June 1, 1993)=686; caption title.</subfield></datafield><datafield ind1=" " ind2=" " tag="588"><subfield code="a">Latest issue consulted: 2010, no. 18 (January 30, 2010)=6384.</subfield></datafield><datafield ind1=" " ind2="0" tag="651"><subfield code="a">Abkhazia (Georgia)</subfield><subfield code="v">Newspapers.</subfield></datafield><datafield ind1=" " ind2="0" tag="651"><subfield code="a">Abkhazia (Georgia)</subfield><subfield code="x">Politics and government</subfield><subfield code="v">Newspapers.</subfield></datafield><datafield ind1=" " ind2="0" tag="651"><subfield code="a">Abkhazia (Georgia)</subfield><subfield code="x">Foreign relations</subfield><subfield code="v">Newspapers.</subfield></datafield><datafield ind1=" " ind2="7" tag="655"><subfield code="a">Newspapers.</subfield><subfield code="2">fast</subfield><subfield code="0">(OCoLC)fst01423814</subfield></datafield><datafield ind1=" " ind2="7" tag="650"><subfield code="a">Diplomatic relations.</subfield><subfield code="2">fast</subfield><subfield code="0">(OCoLC)fst01907412</subfield></datafield><datafield ind1=" " ind2="7" tag="650"><subfield code="a">Politics and government.</subfield><subfield code="2">fast</subfield><subfield code="0">(OCoLC)fst01919741</subfield></datafield><datafield ind1=" " ind2="7" tag="651"><subfield code="a">Georgia (Republic)</subfield><subfield code="z">Abkhazia.</subfield><subfield code="2">fast</subfield><subfield code="0">(OCoLC)fst01262882</subfield></datafield><datafield ind1="0" ind2="8" tag="776"><subfield code="i">Reproduction of (manifestation)</subfield><subfield code="t">Respublika Abkhazii&#65056;a&#65057;.</subfield><subfield code="d">Sukhumi (Georgia) : Respublika Abkhazii&#65056;a&#65057;</subfield></datafield><datafield ind1=" " ind2=" " tag="850"><subfield code="a">DLC</subfield></datafield></record>